<record><leader>00000cas a22000007a 4500</leader><controlfield tag="001">10466852</controlfield><controlfield tag="008">840228d187u1887ctuwr ne      0    0eng d</controlfield><datafield ind1=" " ind2=" " tag="010"><subfield code="a">sn 84022545 </subfield></datafield><datafield ind1=" " ind2=" " tag="040"><subfield code="a">NPX</subfield><subfield code="b">eng</subfield><subfield code="c">NPX</subfield><subfield code="d">NPY</subfield><subfield code="d">CNW</subfield><subfield code="d">MGN</subfield><subfield code="d">CNW</subfield><subfield code="d">OCLCQ</subfield><subfield code="d">OCLCF</subfield><subfield code="d">OCLCO</subfield></datafield><datafield ind1="1" ind2=" " tag="029"><subfield code="a">AU@</subfield><subfield code="b">000020434830</subfield></datafield><datafield ind1=" " ind2=" " tag="042"><subfield code="a">msc</subfield></datafield><datafield ind1=" " ind2=" " tag="043"><subfield code="a">n-us-ct</subfield></datafield><datafield ind1="0" ind2="4" tag="245"><subfield code="a">The Norwalk hour and the Westport advertiser.</subfield></datafield><datafield ind1=" " ind2=" " tag="260"><subfield code="a">Norwalk, Conn. :</subfield><subfield code="b">[s.n.]</subfield></datafield><datafield ind1=" " ind2=" " tag="300"><subfield code="a">v.</subfield></datafield><datafield ind1=" " ind2=" " tag="310"><subfield code="a">Weekly</subfield></datafield><datafield ind1="0" ind2=" " tag="362"><subfield code="a">-v. 17, no. 845 (Dec. 10, 1887).</subfield></datafield><datafield ind1=" " ind2=" " tag="500"><subfield code="a">Published simultaneously at Westport, Conn.</subfield></datafield><datafield ind1=" " ind2=" " tag="500"><subfield code="a">Publisher's name, B.W. Maples, recorded in Danenberg, E.N. Romance of Norwalk.</subfield></datafield><datafield ind1=" " ind2=" " tag="500"><subfield code="a">Editor: B.W. Maples, &lt;1876&gt;.</subfield></datafield><datafield ind1=" " ind2=" " tag="500"><subfield code="a">Independent.</subfield></datafield><datafield ind1=" " ind2=" " tag="530"><subfield code="a">Available on microfilm from UMI.</subfield></datafield><datafield ind1=" " ind2=" " tag="588"><subfield code="a">Description based on: Vol. 4, no. 11 (July 11, 1874) = Whole no. 145.</subfield></datafield><datafield ind1=" " ind2="0" tag="651"><subfield code="a">Norwalk (Conn.)</subfield><subfield code="v">Newspapers.</subfield></datafield><datafield ind1=" " ind2="0" tag="651"><subfield code="a">Westport (Conn.)</subfield><subfield code="v">Newspapers.</subfield></datafield><datafield ind1=" " ind2="7" tag="655"><subfield code="a">Newspapers.</subfield><subfield code="2">fast</subfield><subfield code="0">(OCoLC)fst01423814</subfield></datafield><datafield ind1=" " ind2="7" tag="651"><subfield code="a">Connecticut</subfield><subfield code="z">Norwalk.</subfield><subfield code="2">fast</subfield><subfield code="0">(OCoLC)fst01209529</subfield></datafield><datafield ind1=" " ind2="7" tag="651"><subfield code="a">Connecticut</subfield><subfield code="z">Westport.</subfield><subfield code="2">fast</subfield><subfield code="0">(OCoLC)fst01306578</subfield></datafield><datafield ind1="1" ind2=" " tag="700"><subfield code="a">Maples, B. W.</subfield></datafield><datafield ind1=" " ind2=" " tag="752"><subfield code="a">United States</subfield><subfield code="b">Connecticut</subfield><subfield code="c">Fairfield</subfield><subfield code="d">Norwalk.</subfield></datafield><datafield ind1=" " ind2=" " tag="752"><subfield code="a">United States</subfield><subfield code="b">Connecticut</subfield><subfield code="c">Fairfield</subfield><subfield code="d">Westport.</subfield></datafield><datafield ind1="0" ind2="4" tag="780"><subfield code="t">Hour (Westport, Conn.)</subfield><subfield code="w">(DLC)sn 85033006</subfield><subfield code="w">(OCoLC)11561779</subfield></datafield><datafield ind1="0" ind2="4" tag="780"><subfield code="t">Westport advertiser</subfield><subfield code="w">(DLC)sn 84027723</subfield><subfield code="w">(OCoLC)11487911</subfield></datafield><datafield ind1="0" ind2="0" tag="785"><subfield code="t">Norwalk hour (Norwalk, Conn. : 1887)</subfield><subfield code="w">(DLC)sn 93053906</subfield></datafield></record>